4688 6066
1068 461 1269 516 ,6-

278 664 342 707 uou
360 665 488 726 semper
503 644 641 708 facultas
655 645 760 709 datur.
800 645 879 729 lmp.
899 645 1010 729 Pomp.
1038 652 1079 708 68
1102 655 1152 711 est
1168 648 1260 712 uobis
1284 654 1398 712 auctor
1413 646 1472 710 vir
1496 645 1656 711 bellorum
1674 647 1815 711 omnium
1833 646 2062 714 maximarum-

278 774 340 834 que
375 774 483 816 rerum
512 753 806 834 peritissimus,
844 754 876 818 P.
910 754 1072 819 Servilius.
1132 756 1168 821 B.
1200 756 1233 820 C.
1264 757 1294 834 1,
1332 759 1373 817 85
1409 754 1523 837 Neque
1560 755 1645 818 onim
1669 753 1714 819 vl
1749 755 1893 838 legiones
1922 757 1986 822 alia
2021 759 2062 822 de

278 882 378 926 eausa
401 861 518 925 missas
541 862 574 925 iu
591 862 782 945 Hispaniam
809 863 1046 946 septimamque
1061 863 1107 927 ibi
1131 865 1360 946 conscriptam,
1385 883 1491 944 neque
1516 869 1565 927 tot
1588 869 1762 945 tantasque
1780 863 1894 928 classis
1916 873 2060 948 paratas,

277 991 382 1053 neque
407 970 596 1034 summissos
629 971 750 1035 duces
780 970 827 1035 rei
851 971 1000 1035 militaris
1029 973 1196 1055 peritos.
1244 973 1281 1036 B.
1309 971 1346 1037 G.
1372 971 1441 1049 Vll,
1475 974 1516 1033 72
1541 970 1612 1036 Hoc
1635 971 1820 1036 intermisso
1850 973 1955 1055 spatio
1980 974 2062 1038 duas

277 1076 410 1142 fossas
442 1078 624 1161 quindecim
656 1080 758 1162 pedes
788 1079 895 1144 latas
920 1080 1033 1144 earlem
1058 1080 1229 1145 altitudine
1264 1080 1425 1164 perduxit.
1473 1079 1517 1143 ib.
1544 1084 1584 1143 73
1610 1080 1725 1163 ltaque
1756 1080 1878 1146 truncis
1909 1082 2061 1146 arborum

278 1193 335 1250 aut
369 1187 545 1251 admodum
585 1188 685 1251 firmis
721 1189 820 1252 ramis
857 1178 1010 1252 abscissis
1047 1198 1145 1272 atque
1186 1188 1303 1252 borum
1338 1187 1507 1253 delibratis
1550 1208 1588 1252 ac
1622 1188 1807 1272 praeacutis
1843 1190 2060 1254 cacuminibus

278 1302 455 1378 perpetuae
479 1296 495 1360 f
498 1317 614 1360 ossae
631 1296 748 1378 quinos
765 1295 865 1379 pedes
883 1295 990 1361 altae
1008 1297 1220 1363 ducebantur.
1246 1298 1293 1362 ib.
1312 1298 1395 1361 Ante
1411 1295 1493 1361 haec
1508 1296 1643 1361 taleae
1659 1297 1775 1380 pedem
1792 1296 1934 1382 longae
1950 1298 2061 1363 ferreis

277 1403 382 1468 hamis
405 1403 514 1468 infixis
542 1411 655 1468 totae
678 1404 711 1467 in
742 1410 859 1469 terram
889 1403 1139 1471 infodiebantur.
1187 1407 1224 1471 B.
1251 1406 1284 1470 C.
1310 1406 1334 1486 1,
1368 1411 1409 1469 45
1435 1405 1497 1470 boc
1520 1404 1728 1489 pugnabatur
1757 1406 1849 1473 loco
1875 1416 1908 1473 et
1930 1416 2065 1493 propter

278 1511 446 1594 angustias
471 1511 610 1595 iniquo
636 1519 669 1576 et
692 1511 795 1594 quod.
812 1563 817 1572 .
835 1562 840 1575 .
857 1562 885 1574 ..
923 1513 959 1576 B.
986 1511 1023 1576 G.
1051 1513 1087 1594 V,
1116 1518 1154 1576 13
1181 1535 1246 1595 qua
1276 1534 1315 1578 ex
1338 1522 1433 1596 parte
1457 1521 1508 1578 est
1530 1514 1742 1594 Hibernia,
1767 1515 1901 1579 dimidio
1925 1519 2063 1595 minor,

277 1628 314 1685 ut
337 1621 557 1699 existimatur,
595 1642 692 1703 quam
716 1620 893 1685 Britannia.
941 1622 978 1685 B.
1005 1621 1038 1686 C.
1064 1623 1089 1699 l,
1116 1627 1156 1686 oo
1182 1622 1399 1687 Afraniani
1429 1622 1579 1688 milites
1610 1624 1735 1689 visendi
1765 1645 1865 1688 causa
1892 1625 1993 1688 laeti
2023 1644 2063 1687 ex

279 1732 396 1796 castris
420 1730 663 1814 procurrebant.
700 1730 737 1793 B.
756 1728 793 1793 G.
809 1730 845 1809 V,
865 1734 883 1792 7
902 1737 937 1795 at
961 1732 1120 1813 equites
1145 1732 1270 1796 Aedui
1295 1732 1337 1796 ad
1362 1731 1532 1796 Caesarem
1557 1752 1691 1796 omnes
1717 1740 1930 1798 revertuntur.
1966 1733 2009 1797 ib.
2023 1733 2061 1812 V,

284 1845 323 1902 14
353 1860 437 1922 quae
471 1839 582 1921 regio
614 1846 663 1903 est
694 1839 867 1903 marituma
901 1840 1036 1904 omnis.
1095 1841 1136 1905 ib.
1153 1840 1225 1920 Vll,
1263 1844 1305 1903 60
1341 1861 1465 1906 naves
1503 1862 1583 1923 quas
1613 1841 1836 1904 Metiosedo
1873 1841 2063 1921 deduxerat,

281 1922 460 2031 singulas
492 1946 655 2029 equitibus
685 1948 840 2012 Romanis
871 1948 1027 2013 attribuit.
1086 1948 1128 2013 ib.
1155 1954 1197 2013 88
1219 1948 1626 2015 Vercassivellaunus
1658 1950 1859 2014 Aruernus
1890 1951 1999 2014 vivus
2030 1951 2064 2014 iu

281 2057 357 2139 suga
380 2056 674 2140 comprehenditur.

461 2184 575 2266 Neque
603 2204 681 2247 vero
710 2183 825 2247 deesse
849 2183 947 2261 locos,
980 2183 1036 2244 ubi
1067 2183 1241 2265 scriptores
1271 2183 1373 2246 altero
1405 2181 1455 2244 usi
1487 2180 1552 2245 sint
1581 2182 1703 2262 ordine,
1737 2182 1817 2249 haec
1841 2182 2066 2248 demonstrant

281 2292 437 2375 exempla.
478 2292 557 2357 Phil.
583 2292 638 2370 XI,
666 2296 683 2354 3
710 2313 831 2367 omues,
857 2291 912 2373 qui
936 2290 1095 2354 liberede
1120 2289 1301 2371 republica
1327 2289 1498 2367 sensimus,
1525 2290 1579 2372 qui
1605 2291 1745 2372 dignas
1769 2292 1886 2357 nobis
1911 2299 2065 2357 senten-

282 2402 358 2465 tias
383 2401 532 2477 diximus,
559 2401 612 2483 qui
630 2400 783 2482 populum
803 2400 982 2463 Romanum
1007 2395 1146 2461 liberum
1171 2418 1244 2460 esse
1260 2398 1430 2477 voluimus,
1458 2398 1576 2462 statuit
1599 2399 1653 2462 ille
1671 2401 1799 2482 quidem
1826 2423 1889 2464 non
1906 2402 2064 2479 inimicos

282 2509 339 2573 sed
351 2509 463 2573 hostis.
501 2507 609 2571 Rabir.
626 2512 666 2570 26
703 2513 829 2571 ceteros
846 2505 915 2588 pari
930 2504 1087 2588 dignitate
1104 2503 1322 2586 praeditos
1347 2507 1540 2571 custodes
1556 2507 1853 2592 gubernatoresque
1866 2509 2065 2591 reipublicae

283 2639 378 2699 quem
404 2617 443 2681 ad
468 2616 600 2680 modum
624 2622 771 2679 mortuos
796 2612 1027 2677 defendemus?
1067 2612 1103 2677 B.
1123 2612 1160 2676 G.
1179 2612 1234 2689 ΙΙΙ,
1254 2618 1272 2674 o
1297 2612 1385 2676 nullo
1402 2613 1496 2678 hoste
1512 2616 1705 2698 probibente
1723 2625 1780 2682 aut
1798 2618 1862 2682 iter
1877 2618 2066 2683 demorante

281 2725 518 2790 incolumem
543 2724 736 2807 legionem
760 2723 793 2785 in
817 2721 1002 2800 Nantuatis,
1027 2720 1103 2784 inde
1127 2721 1158 2783 in
1184 2719 1376 2803 Allobroges
1400 2722 1561 2803 perduxit.

463 2850 546 2927 Quid
576 2851 619 2912 sit
653 2869 770 2913 causae
802 2868 859 2912 cur
890 2847 1047 2930 quaedam
1081 2846 1284 2911 substant-iva
1318 2845 1432 2912 humili
1464 2855 1629 2913 structura
1658 2856 1733 2912 ante
1764 2850 1957 2913 adiectirum
1991 2850 2066 2929 poni

284 2958 411 3023 soleant
426 2959 490 3021 iam
511 2978 609 3041 supra
626 2958 926 3021 demonstravimus.
964 2956 1035 3020 Huc
1051 2962 1181 3039 praeter
1197 2957 1345 3039 exempla
1362 2956 1463 3021 allata
1479 2957 1640 3040 pertinere
1657 2956 1808 3020 videntur
1824 2956 2067 3019 coniunctiones

283 3087 352 3130 aes
377 3066 567 3144 alienum,
599 3087 667 3130 ora
690 3066 900 3130 maritima.
944 3064 1068 3129 Eodem
1091 3066 1125 3129 in
1148 3086 1283 3130 numero
1307 3086 1505 3148 quamquam
1527 3065 1642 3129 referri
1666 3071 1805 3147 possunt
1827 3063 2067 3147 complexiones

283 3174 321 3238 di
345 3173 619 3252 immortales,
645 3194 706 3236 res
730 3172 910 3256 publica,
943 3178 1048 3236 tamen
1075 3171 1139 3235 alia
1162 3192 1261 3236 causa
1285 3173 1472 3253 quaerenda
1496 3181 1555 3253 est,
1581 3195 1653 3238 cum
1679 3172 1744 3237 sint
1767 3171 1885 3236 similia
1909 3171 2067 3253 exempla,

283 3304 368 3367 quae
391 3304 454 3346 non
478 3282 535 3345 illo
559 3289 735 3365 praecepto
760 3280 916 3364 explicari
941 3281 1075 3362 possint,
1100 3280 1203 3343 velut:
1230 3279 1269 3343 di
1293 3280 1404 3358 boui,
1431 3281 1503 3346 dea
1526 3281 1645 3361 bona,
1670 3280 1690 3346 J
1697 3282 1862 3365 uppiter
1886 3280 2067 3363 Optimus

282 3392 491 3471 Maximus,
516 3391 709 3455 Pontifex
733 3390 942 3468 Maximus,
967 3389 1096 3454 Mater
1119 3410 1274 3472 magna,
1300 3390 1491 3454 tribunus
1514 3390 1720 3467 militaris,
1747 3409 1871 3452 causa
1893 3387 2066 3470 publica,

282 3501 455 3565 litterae
479 3498 687 3583 publicae,
712 3498 888 3581 pecunia
911 3495 1093 3581 publica,
1119 3496 1291 3561 tabulae
1316 3497 1528 3581 publicae,
1553 3498 1829 3563 testimonium
1854 3495 2066 3579 publicum.

283 3610 320 3673 ln
345 3609 493 3674 omnibus
522 3609 589 3673 fere
614 3607 651 3672 fit
673 3608 801 3691 linguis,
833 3614 870 3671 ut
894 3607 1054 3689 quaedam
1078 3605 1237 3671 uocabula
1259 3606 1310 3670 vel
1335 3607 1525 3686 sententiae,
1556 3606 1715 3691 imprimis
1740 3626 1823 3689 quae
1855 3609 2003 3688 spectant
2026 3602 2068 3667 ad

283 3718 406 3783 cultum
431 3717 564 3782 deorum
582 3724 640 3780 aut
663 3716 705 3779 ad
727 3715 968 3799 rempublicam,
994 3714 1231 3797 antiquissimis
1247 3713 1360 3779 formis
1385 3717 1595 3780 retineantur.
1632 3716 1703 3780 Hoc
1719 3715 1816 3779 modo
1841 3712 2068 3797 explicaverim

282 3848 346 3890 non
371 3826 474 3891 solum
492 3823 747 3904 coniunctiones,
775 3846 856 3908 ipsias
874 3824 971 3888 modo
988 3825 1160 3904 nominavi,
1187 3825 1358 3890 sedetiam
1377 3825 1592 3908 exposuerim,
1610 3845 1667 3889 cur
1685 3824 1846 3888 adiectiva
1862 3824 2066 3899 Romanus,

283 3935 452 4000 Latinus
477 3934 606 3999 omuino
629 3941 738 3997 vetere
763 3933 877 3998 ordine
902 3954 974 3997 eum
998 3931 1202 3997 substantivo
1227 3934 1399 3998 coniuncta
1422 3933 1495 3998 siut.

465 4059 531 4124 Sed
554 4059 593 4123 de
615 4058 732 4124 ceteris
757 4081 841 4142 quae
865 4083 885 4124 a
902 4058 1087 4126 nominibus
1111 4058 1251 4142 propriis
1277 4060 1375 4124 ducta
1391 4068 1467 4124 sunt
1482 4059 1650 4126 adiectivis
1675 4059 1819 4142 regulam
1836 4063 1979 4123 statuere
2003 4074 2065 4117 uon

284 4190 428 4251 possum,
461 4189 531 4232 cum
557 4167 757 4250 Mergnetius
781 4169 943 4232 eiusmodi
967 4167 1128 4232 adiectiva
1158 4167 1312 4232 omiserit.
1363 4168 1410 4232 De
1435 4190 1494 4232 usu
1520 4190 1596 4232 vero
1622 4167 1818 4233 Caesariano
1842 4188 1882 4230 ex
1909 4163 1959 4227 lris
1987 4159 2067 4225 loeis

283 4277 420 4341 iudicari
444 4282 561 4359 potest.

284 4462 321 4527 u.
348 4460 381 4525 o.
408 4461 510 4537 ms
548 4459 697 4525 uiuam.
1159 4442 1161 4447 ’
1206 4460 1248 4524 ru.
1279 4461 1304 4540 Ι,
1339 4467 1379 4525 m
1427 4458 1469 4526 an
1505 4458 1688 4527 nfra-nu.
1714 4457 1738 4531 r,
1765 4460 1806 4518 aa
1843 4453 1961 4517 teies
1986 4459 2057 4516 erat

309 4568 698 4653 eaoatqueAehaioae
1229 4569 1365 4634 uianis
1419 4570 1615 4635 militibus
1671 4563 1892 4628 Afraniana
1925 4560 2054 4661 duplex.

308 4678 444 4743 classi.
1230 4660 1525 4762 equitibusque
1561 4674 1618 4738 ob·
1911 4686 1912 4689 ’

292 4791 294 4794 ’
1231 4788 1424 4851 siderentur.

285 4876 327 4941 ib.
362 4876 517 4942 Praeerat
547 4878 699 4960 Aegyp·
729 4877 764 4940 B.
806 4874 839 4940 G.
880 4877 937 4954 III,
985 4884 1027 4941 40
1087 4878 1143 4959 qui

309 4985 380 5049 tiis
410 4988 578 5059 navibus
603 4986 698 5050 Pom-
751 4985 875 5050 classi
923 4986 1142 5069 Aegyptiae
1206 4984 1620 5062 interlabentem

309 5095 402 5176 peius
427 5093 520 5159 tilius.
750 5100 910 5176 praeerat.
1229 5094 1394 5158 milites.
