4688 6066
1013 507 1215 564 -3-

223 693 394 758 nummis
424 692 564 757 multis
595 712 666 757 esse
694 699 728 758 et
757 712 884 777 semper
914 692 1024 757 faisse.
1083 692 1119 757 B.
1147 691 1184 757 G.
1211 689 1280 772 Vll,
1307 695 1347 756 26
1383 692 1499 757 Omnia
1530 691 1655 774 experti
1686 690 1790 765 Galli,
1827 691 1913 773 quod
1942 710 2006 754 res

223 801 336 865 nulla
361 807 577 881 successerat,
608 808 740 884 postero
771 801 823 865 die
847 802 1018 866 consilium
1043 808 1198 884 ceperunt
1222 823 1262 866 ex
1285 801 1365 865 urbe
1388 799 1571 884 profugere.
1621 799 1657 863 B.
1683 798 1816 878 GVH,
1843 803 1882 862 71
1910 799 2006 863 Fru-

223 917 396 975 mentum
427 930 536 974 omne
568 910 610 974 ad
640 931 675 975 se
698 908 814 974 referri
836 909 941 988 iubet3
972 911 1087 994 capitis
1117 931 1256 993 poenam
1279 911 1335 988 iis,
1368 910 1423 992 qui
1452 930 1517 974 non
1542 906 1726 991 paruerint,
1759 908 1937 973 constituit.
1964 944 2006 956 -

222 1017 259 1082 B.
286 1016 320 1082 G.
346 1018 370 1095 1,
396 1023 438 1081 46
469 1015 540 1083 Hoc
570 1039 643 1081 cum
674 1025 760 1082 esset
789 1018 886 1082 modo
911 1017 1092 1102 'pugnatum
1124 1018 1327 1083 continenter
1349 1015 1464 1082 horis
1489 1017 1662 1100 quinque
1686 1015 1853 1100 nostrique
1877 1017 2006 1099 gravius

224 1125 476 1191 amnltitudine
500 1133 734 1207 promerentur.
793 1126 901 1191 Plano.
928 1126 970 1189 80
1003 1127 1092 1191 Haeo
1116 1127 1201 1191 enim
1226 1132 1275 1191 est
1298 1148 1364 1191 una
1386 1127 1511 1191 virtus
1536 1147 1602 1190 uon
1626 1125 1732 1190 solum
1756 1125 1912 1205 maxima,
1950 1124 2008 1189 sed

224 1235 323 1298 etiam
347 1240 453 1298 mater
476 1234 669 1299 virtutum
695 1235 864 1299 omnium
888 1235 1149 1319 reliquarum.
1198 1234 1234 1298 B.
1261 1234 1299 1299 G.
1326 1234 1379 1314 IV,
1407 1240 1447 1298 32
1482 1235 1564 1299 Nam
1590 1234 1677 1318 quod
1702 1234 1789 1299 omni
1813 1255 1852 1298 ex
1875 1234 2008 1318 reliquis

225 1342 414 1426 partibus
447 1342 597 1407 demesso
629 1342 790 1408 frumento
821 1365 913 1427 pars
944 1365 1022 1408 una
1053 1349 1124 1408 orat
1154 1343 1295 1426 reliqua,
1334 1343 1492 1426 suspicati
1528 1344 1641 1408 hostes
1681 1343 1744 1408 huc
1774 1350 1904 1407 nostros
1935 1363 2007 1408 esse

224 1458 394 1529 venturos,
425 1458 523 1514 noctu
553 1451 585 1514 in
616 1451 705 1516 silvis
730 1451 935 1516 delituerant.
995 1451 1031 1516 B.
1058 1449 1099 1516 G..
1117 1453 1141 1532 1,
1169 1456 1210 1515 30
1248 1451 1328 1516 Cato
1352 1452 1385 1515 in
1412 1450 1521 1516 Sicilia
1545 1473 1665 1517 naves
1689 1452 1824 1535 longas
1848 1458 2008 1517 veteres

226 1558 401 1637 reficiebat,
426 1579 555 1622 novas
580 1558 764 1624 civitatibus
787 1559 981 1642 imperabat.
1024 1560 1057 1599 '¹
1355 1556 1359 1564 ’

406 1719 487 1786 Gurn
513 1723 675 1787 sententia
699 1723 901 1802 secundaria,
927 1744 1010 1806 qnae
1034 1722 1156 1807 pendet
1180 1744 1219 1786 ex
1244 1723 1468 1790 coniunctione
1492 1723 1675 1804 nominum,
1707 1723 1809 1807 magis
1834 1723 1876 1788 ad
1900 1724 2008 1788 adiec-

225 1834 323 1898 tivnm
350 1833 511 1915 pertinere
536 1833 664 1897 videtur
688 1855 784 1916 quam
802 1834 844 1898 ad
861 1833 1111 1912 substantivum,
1138 1833 1315 1897 secundum
1331 1824 1481 1898 naturam
1498 1834 1627 1916 linguae
1644 1831 1690 1912 fit,
1716 1839 1753 1897 ut
1768 1830 2009 1896 substantivum

225 1941 408 2024 praecedat,
435 1939 522 2024 quod
545 1939 596 2005 bis
621 1941 830 2025 perspicuum
854 1941 891 2005 fit
915 1942 1079 2025 exemplis.
1133 1943 1168 2006 B'.
1188 1941 1225 2006 G.
1252 1943 1276 2019 1,
1306 1948 1319 2005 1
1349 1942 1456 2006 Gallia
1480 1947 1532 2005 est
1556 1941 1659 2004 omnis
1684 1941 1789 2005 divisa
1811 1941 1844 2004 in
1869 1948 2008 2022 partes

226 2056 328 2126 tres,
355 2071 521 2132 quarum
546 2070 643 2113 unam
667 2048 813 2114 incolunt
836 2050 1023 2132 Belgae...
1072 2052 1108 2115 B.
1135 2050 1168 2115 C.
1195 2050 1240 2130 11,
1274 2055 1315 2114 28
1340 2050 1401 2114 Hic
1425 2049 1579 2113 dimissus
1603 2072 1623 2112 a
1647 2045 1787 2112 Caesare
1811 2049 1844 2110 in
1867 2045 2009 2112 Africam

224 2164 369 2235 venerat,
393 2156 659 2240 legionesque
684 2178 749 2221 cas
767 2158 958 2223 traduxerat
974 2157 1082 2238 Curio,
1108 2181 1207 2243 quas
1225 2157 1447 2242 superioribus
1464 2156 1664 2240 temporibus
1683 2156 1823 2220 Corfinio
1841 2161 2010 2237 receperat

226 2264 355 2328 Caesar.
386 2263 428 2328 ib.
452 2286 478 2328 c.
504 2268 545 2328 26
572 2265 756 2348 legiones
779 2286 866 2345 eae,
892 2287 991 2348 quae
1012 2266 1109 2350 paulo
1132 2272 1207 2331 ante
1230 2265 1317 2349 apud
1339 2265 1542 2330 adversarios
1565 2264 1703 2329 fuerant.
1747 2264 1791 2328 ib.
1820 2269 1833 2326 1
1864 2263 2010 2327 Massilia

227 2371 312 2436 euim
336 2371 403 2436 fere
428 2393 467 2435 cr
493 2372 597 2437 tribus
622 2373 733 2457 oppidi
756 2371 904 2456 partibus
929 2373 1012 2437 mari
1035 2373 1184 2454 alluitur3
1215 2374 1342 2455 reliqua
1365 2380 1482 2456 quarta
1506 2379 1565 2451 est,
1591 2394 1674 2454 quac
1698 2372 1822 2439 aditum
1845 2369 1945 2434 habet
1968 2368 2009 2434 ab

225 2487 323 2544 terra.
360 2479 463 2544 lluius
488 2503 618 2565 qnoque
644 2482 741 2565 spatii
766 2504 861 2566 pars
886 2503 946 2560 ea,
980 2504 1083 2564 quae
1109 2483 1156 2547 ad
1181 2503 1286 2546 arcem
1311 2482 1462 2564 pertinet,
1492 2481 1554 2546 loci
1570 2489 1687 2545 natura
1704 2488 1737 2544 et
1752 2479 1834 2544 vallo
1851 2479 2011 2543 altissima

227 2590 352 2653 nurnita
374 2589 502 2672 longam
529 2597 563 2654 et
586 2590 750 2654 difficilem
775 2590 874 2654 habet
897 2592 1181 2674 oppugnationem.
1224 2590 1266 2654 ib.
1295 2594 1334 2653 36
1360 2590 1441 2654 Erat
1464 2590 1496 2653 in
1522 2589 1642 2673 oppido
1666 2588 1841 2652 multitudo
1865 2586 2008 2651 insolens

226 2695 304 2760 belli
329 2697 541 2761 diuturnitate
567 2699 633 2774 otii,
661 2698 830 2764 Uticenses
854 2720 914 2784 pro
940 2697 1133 2782 quibusdam
1151 2699 1298 2764 Caesaris
1323 2699 1354 2761 in
1380 2719 1414 2762 se
1438 2696 1605 2762 beneficiis
1629 2696 1675 2761 illi
1694 2696 1890 2774 amicissimi,
1916 2716 2008 2758 con-

227 2812 370 2869 ventus
394 2806 442 2884 ia,
469 2806 534 2889 qui
559 2827 598 2870 ex
623 2804 720 2872 variis
744 2807 915 2889 generibus
943 2817 1116 2886 constaret,
1142 2816 1248 2873 terror
1272 2830 1312 2871 ex
1337 2806 1559 2890 superioribus
1580 2805 1713 2888 proeliis
1731 2826 1874 2885 maguus.
1915 2804 1951 2868 B.
1971 2804 2008 2867 G.

228 2909 280 2989 VI,
308 2916 348 2974 23
373 2918 525 2996 partem
556 2913 736 2978 ultimam
762 2916 879 2997 pontis,
912 2938 1014 3000 quac
1039 2918 1128 3000 ripas
1154 2917 1309 2982 Ubiorum
1333 2913 1551 2997 contingebat,
1576 2915 1609 2977 in
1633 2913 1866 2996 longitudinem
1890 2911 2009 2996 pedum

229 3019 442 3085 ducentorum
466 3022 630 3086 rescindit.

407 3183 520 3248 Altera
554 3192 662 3250 autem
698 3208 773 3269 pars
807 3187 894 3252 illius
930 3188 1111 3271 praecepti,
1154 3186 1241 3269 quod
1275 3185 1373 3249 modo
1412 3184 1750 3264 commemoravimus,
1792 3183 1842 3248 his
1878 3181 2011 3266 probari

229 3288 358 3353 videtur
386 3292 550 3375 exemplis.
609 3293 704 3358 Tusc.
730 3293 755 3374 l,
790 3301 802 3357 1
836 3294 899 3361 hoc
928 3296 1005 3360 mihi
1037 3294 1381 3360 Latinis'litteris
1410 3294 1648 3358 inlustrandum
1677 3291 1804 3376 putavi,
1840 3313 1905 3355 non
1935 3291 2011 3374 quia

226 3397 434 3481 philosophia
459 3399 626 3465 Graecis
656 3408 689 3465 et
719 3403 839 3467 litteris
871 3411 904 3467 ot
934 3403 1122 3469 doctoribus
1151 3404 1274 3487 percipi
1297 3426 1361 3471 non
1385 3411 1506 3489 posset,
1531 3404 1590 3468 sed
1614 3452 1620 3467 .
1645 3453 1652 3467 .
1678 3452 1685 3466 .
1730 3401 1798 3465 Liv.
1822 3399 1941 3476 XXIII,
1970 3403 2009 3462 12

229 3507 413 3572 Secundum
437 3509 517 3574 haec
541 3509 629 3575 dicta
652 3510 801 3595 Magonis
826 3513 920 3578 laetis
945 3513 1095 3578 omnibus
1111 3512 1260 3593 Himilco,
1286 3515 1335 3579 vir
1357 3513 1508 3579 factionis
1524 3512 1693 3589 Barcinae,
1718 3509 1826 3573 locum
1842 3507 2010 3572 Ilannonis

227 3614 416 3698 increpandi
441 3638 513 3685 esse
537 3627 637 3700 ratus,
666 3620 764 3704 ,quid
778 3628 839 3700 est,
857 3622 1016 3687 Hanno?“
1043 3623 1158 3704 inquit,
1187 3623 1304 3699 ,etiam
1329 3641 1416 3685 nunc
1439 3621 1584 3702 paenitet
1601 3618 1678 3684 belli
1695 3617 1838 3700 suscepti
1853 3617 2009 3680 advorsus

229 3722 411 3789 Romanos?
445 3727 522 3792 iube
545 3728 621 3793 dedi
644 3730 876 3810 llannibalem3
900 3731 1031 3796 retain
1056 3738 1123 3795 tarn
1147 3731 1311 3814 prosperis
1334 3729 1432 3793 rebus
1456 3735 1564 3811 grates
1588 3726 1658 3791 deis
1681 3724 1919 3790 immortalibus
1943 3723 2010 3821 agi3

227 3831 397 3895 audiamus
423 3833 638 3901 Romanum
663 3846 895 3904 senatorem
919 3841 952 3904 in
969 3839 1283 3922 Carthaginiensium
1307 3839 1406 3903 cirria.
1432 3876 1473 3884 —
1496 3837 1574 3901 Har.
1599 3857 1683 3919 resp.
1711 3838 1752 3898 32
1776 3833 1839 3899 boc
1862 3832 2010 3897 siminus

225 3940 340 4003 civili
362 3941 450 4006 iure
473 3947 689 4028 perscriptum
714 3955 775 4027 est,
806 3949 877 4033 lege
901 3955 1010 4014 tamen
1036 3950 1182 4030 natiuae,
1214 3948 1408 4012 communi
1431 3947 1519 4011 iure
1543 3944 1687 4029 gentium
1712 3948 1860 4007 sanctum
1884 3948 1943 4018 cst,
1974 3947 2012 4004 ut

225 4049 301 4114 nihil
327 4051 482 4116 mortales
507 4074 528 4116 a
551 4053 601 4116 dis
625 4055 863 4121 immortalibus
887 4079 947 4123 usu
972 4078 1088 4140 capere
1112 4058 1247 4141 possint.
1291 4056 1380 4120 Verr.
1399 4055 1456 4133 lll,
1478 4059 1540 4117 176
1566 4053 1644 4137 quid
1666 4051 1766 4135 igitur
1786 4057 1836 4114 est
1850 4049 2011 4132 reliquum

224 4157 288 4221 nisi
311 4159 359 4223 uli
383 4159 507 4224 fateare
531 4167 564 4225 te
589 4161 723 4227 Romam
748 4165 943 4229 frumentum
969 4173 1112 4249 emptam
1136 4166 1317 4231 Siculorum
1338 4164 1477 4248 pecunia
1500 4163 1637 4240 misisse,
1662 4159 1863 4244 publicam
1887 4179 2010 4242 pecu·

223 4266 327 4330 niam
353 4265 483 4331 domum
509 4273 598 4332 tuam
622 4271 829 4336 convertisse.
874 4272 910 4336 B.
937 4271 1062 4352 GVH,
1089 4278 1130 4336 22
1155 4281 1387 4339 nostrarum
1412 4272 1586 4338 turrium
1611 4269 1827 4347 altitudinem,
1852 4273 2010 4348 quantum

223 4373 283 4438 has
309 4375 491 4440 cotidianus
516 4397 614 4460 agger
639 4386 859 4461 expresserat,
897 4380 1077 4446 commissis
1109 4403 1275 4446 suarum
1299 4382 1472 4447 turrium
1501 4380 1595 4445 malis
1619 4377 1856 4462 adaequabant.
1898 4373 1940 4437 ib.
1968 4377 2009 4436 '77

224 4482 332 4548 Nolite
356 4484 417 4548 hos
440 4491 573 4551 rastro
598 4487 756 4552 auxilio
781 4488 972 4571 exspoliare,
1010 4490 1064 4571 qui
1089 4498 1251 4556 vestrae
1276 4491 1426 4556 salutis
1450 4511 1550 4555 causa
1574 4509 1685 4552 suurn
1709 4484 1929 4570 periculum
1952 4501 2010 4545 ne·

223 4589 409 4672 glexerunt,
446 4614 506 4657 nec
536 4595 721 4659 stultitia
750 4615 796 4659 ae
825 4598 1060 4661 temeritate
1084 4604 1221 4663 vestra
1249 4605 1308 4662 aut
1336 4596 1435 4663 animi
1466 4594 1688 4661 imbecillitate
1718 4611 1846 4657 ornnem
1871 4589 2010 4655 Galliam

223 4704 437 4779 prosternere.
501 4703 544 4767 ib.
569 4703 621 4782 vl,
648 4709 687 4768 16
717 4703 794 4784 Viri,
821 4713 961 4788 quantas
985 4706 1141 4788 pecunias
1167 4706 1207 4771 ab
1231 4707 1389 4772 uxoribus
1415 4705 1501 4771 dotis
1523 4703 1653 4768 nonrine
1670 4706 1877 4785 acceperunt,
1901 4704 2011 4763 tantas

224 4826 263 4869 ex
289 4806 377 4870 sais
401 4807 518 4875 bonis
544 4813 769 4878 aestimatione
793 4813 881 4879 facta
905 4836 976 4879 cum
1003 4814 1134 4879 dotibus
1159 4815 1405 4879 communicant.
1463 4813 1507 4877 ib.
1532 4810 1602 4891 Vll,
1630 4815 1669 4874 15
1695 4831 1735 4874 ne
1762 4804 2011 4893 pulcherrimam

224 4934 326 4998 prope
352 4916 452 4981 totius
469 4918 593 4985 Galliae
611 4922 733 5003 urbem,
760 4945 843 5007 qaae
861 4921 1025 5007 praesidio
1042 4931 1075 4988 et
1092 4930 1281 4988 ornamento
1298 4923 1341 4988 sit
1356 4922 1489 5000 civitati,
1516 4921 1599 4985 suis
1615 4918 1794 4983 manibus
1813 4914 2010 4981 succendere

223 5031 424 5107 cogerentur.
479 5027 514 5090 B.
542 5027 657 5110 0111,
690 5036 731 5095 73
775 5030 868 5108 Quod
904 5038 991 5097 esset
1025 5040 1195 5117 acceptum
1230 5031 1417 5097 detrimenti
1453 5029 1593 5094 cuiusvis
1628 5026 1738 5111 potins
1775 5048 1872 5109 quam
1909 5044 2010 5087 suaa

222 5131 362 5227 culpae
387 5132 505 5197 dobere
528 5135 636 5201 tribui.

1689 5271 1732 5326 a*
