4688 6066
460 1655 638 1758 qimam
662 1691 740 1756 mibi
764 1693 935 1757 uerborum
960 1692 1105 1756 ordinem
1133 1691 1262 1775 linguae
1286 1691 1408 1756 latinae
1439 1692 1612 1756 constabat
1639 1691 1790 1756 adiectivi
1818 1688 2063 1755 collocationem

278 1803 343 1866 iam
367 1824 462 1885 egere
485 1800 742 1882 investigatione,
767 1821 840 1863 oum
864 1821 947 1882 quae
965 1800 1072 1864 adbuc
1088 1801 1121 1864 in
1137 1799 1198 1865 hnc
1214 1821 1249 1864 re
1266 1799 1373 1864 valent
1390 1806 1564 1882 praecepta
1580 1821 1695 1881 parum
1716 1798 1878 1881 quadrare
1894 1797 2064 1861 uideantur

278 1911 311 1973 iu
336 1933 429 1975 usum
453 1909 626 1974 latinitatis
653 1915 831 1973 auctorum.
874 1908 977 1983 Quam
1003 1908 1043 1972 ob
1069 1929 1136 1972 rem
1162 1928 1279 1990 operae
1303 1907 1443 1990 pretinm
1468 1928 1541 1972 esse
1560 1907 1740 1971 existimavi
1756 1906 1798 1970 ad
1814 1904 1899 1970 hano
1914 1905 2064 1969 lacunam

279 2018 473 2101 explendam
497 2017 622 2100 aliquid
646 2015 793 2080 conferre
817 2015 944 2079 ratione
968 2014 1082 2080 habita
1105 2015 1296 2080 elocutionis
1321 2015 1469 2079 Caesaris
1494 2021 1527 2078 et
1551 2013 1727 2079 Ciceronis.

458 2127 505 2190 Ac
527 2125 664 2207 primum
691 2123 823 2205 quidem
848 2123 988 2204 quaein
1020 2122 1119 2188 rebus
1149 2122 1366 2206 grammaticis
1394 2121 1588 2205 indagandis
1618 2121 1830 2204 ingredienda
1854 2121 1980 2200 sitris,
2012 2121 2064 2186 bis

278 2233 408 2315 quidem
435 2231 636 2315 temporibus
661 2229 794 2294 dubium
819 2250 888 2294 esse
912 2237 1023 2314 potest
1045 2231 1176 2295 nemini.
1237 2230 1373 2296 Constat
1401 2229 1484 2293 euim
1508 2231 1594 2294 inter
1618 2249 1730 2293 omues
1754 2228 1914 2292 nemiuem
1939 2228 1979 2292 de
2003 2251 2064 2292 usu

278 2341 447 2405 cuiusdam
472 2340 639 2423 scriptoris
663 2338 806 2403 iudicare
830 2359 936 2421 posse,
964 2339 1026 2402 nisi
1052 2339 1108 2420 qui
1135 2361 1235 2422 opera
1264 2340 1334 2403 eius
1365 2338 1473 2403 omnia
1503 2344 1560 2402 ant
1590 2337 1762 2401 maximam
1793 2335 1907 2400 saltem
1936 2342 2061 2418 partem

278 2449 320 2513 sit
348 2455 583 2530 perscrutatus.
631 2446 701 2511 Hac
731 2468 765 2511 re
795 2446 956 2511 adductus
986 2468 1026 2511 ex
1058 2447 1207 2521 Caesaris
1240 2448 1392 2531 operibus
1424 2447 1579 2511 constitui
1608 2466 1781 2528 excerpere
1816 2444 1906 2508 locos
1938 2465 2061 2521 omues,

278 2555 331 2620 ubi
369 2557 563 2622 adiectivum
601 2556 809 2620 coniunctum
844 2562 895 2619 est
929 2576 1003 2619 cum
1037 2554 1249 2620 substantivo.
1304 2557 1348 2620 At
1383 2555 1417 2619 in
1455 2554 1668 2619 examinando
1706 2576 1766 2618 usu
1798 2552 1947 2617 Tulliano
1978 2552 2062 2615 viam

278 2666 371 2746 quasi
396 2664 671 2748 compendiariam
694 2663 760 2728 inii.
809 2662 889 2728 Cum
914 2665 999 2729 enirn
1023 2686 1096 2729 mea
1123 2664 1296 2729 interesset
1325 2665 1430 2748 spatio
1455 2665 1633 2729 constituto
1664 2663 1748 2728 hanc
1771 2663 1995 2747 quaestionem
2019 2660 2061 2725 nd

277 2779 401 2838 certum
434 2773 596 2857 quendam
633 2772 754 2835 exitum
782 2772 960 2850 adducere,
998 2773 1077 2838 satis
1112 2773 1211 2841 habui
1240 2795 1304 2858 quo
1336 2774 1449 2838 ordino
1485 2773 1518 2836 in
1549 2772 1714 2838 Ciceronis
1745 2770 1947 2837 orationibus
1982 2771 2062 2835 haec

277 2881 409 2946 uomina
432 2882 604 2945 coniuncta
621 2881 685 2945 sint
708 2880 861 2946 definisse
886 2903 925 2946 ox
949 2881 1053 2946 lexico
1070 2881 1248 2965 Merguetii.
1297 2883 1358 2961 Qui
1381 2881 1477 2947 homo
1503 2880 1779 2964 diligentissimus
1805 2901 1878 2945 curu
1902 2882 2062 2947 notaverit

277 2990 472 3072 ubicumque
496 2989 623 3072 singula
648 2989 805 3055 vocabula
831 2991 1047 3072 reperiuntur,
1074 2992 1195 3073 optimc
1220 2992 1353 3057 meritus
1378 2997 1428 3056 est
1451 2990 1491 3055 de
1515 3012 1550 3055 re
1574 2991 1794 3072 grammatica.

459 3097 523 3162 Sed
552 3098 663 3162 mult-is
693 3098 822 3162 milibus
850 3098 996 3163 locorum
1025 3098 1152 3163 collatis
1183 3099 1218 3164 tit
1243 3122 1353 3165 verum
1375 3100 1463 3183 quod
1486 3101 1551 3164 iam
1575 3099 1700 3183 pridem
1725 3100 1941 3165 conieceram:
1974 3102 2062 3185 apud

278 3207 448 3270 Caesarem
474 3213 507 3270 et
531 3206 719 3272 Ciceronem
748 3206 942 3272 adiectivum
972 3207 1163 3292 plerumque
1193 3215 1268 3273 ante
1299 3208 1539 3273 substantivum
1568 3209 1709 3292 positum
1742 3229 1823 3274 esse.
1872 3209 1965 3287 Quod
1996 3233 2060 3292 quo

278 3314 393 3380 melius
428 3316 653 3398 perspiciatur,
689 3318 722 3381 in
758 3337 796 3381 eo
829 3317 884 3400 qui
920 3316 1065 3400 seqnitur
1099 3317 1205 3381 indice
1235 3318 1354 3396 notavi,
1392 3318 1542 3402 quotiens
1578 3318 1739 3383 adiectira
1772 3326 1911 3401 utroque
1947 3319 2060 3383 ordine

275 3424 434 3507 legantur.
483 3424 620 3508 Exque
647 3425 848 3508 intellegitur
880 3426 1065 3511 discrepare
1096 3424 1136 3490 ab
1167 3448 1229 3490 usn
1259 3427 1454 3511 optimorum
1487 3427 1680 3510 scriptorum
1712 3427 1799 3509 quod
1830 3425 1937 3491 adhuc
1967 3447 2060 3510 prae-

276 3533 407 3616 cipiunt,
447 3534 686 3598 substantivum
717 3534 913 3618 praecedere
950 3537 1064 3600 solere.
1119 3536 1188 3600 Isto
1223 3536 1321 3620 igitur
1350 3543 1525 3619 praecepto
1553 3536 1717 3600 infirmato
1747 3536 1845 3600 etiam
1874 3543 2059 3619 suspectum

276 3662 348 3706 esso
384 3643 497 3727 incipit
534 3644 622 3726 quod
657 3644 791 3725 addunt,
828 3646 953 3710 inverso
990 3646 1103 3710 ordine
1137 3646 1317 3711 increscere
1353 3646 1417 3709 vim
1456 3645 1614 3710 adiectiri.
1678 3645 1728 3709 An
1762 3644 1833 3709 fieri
1868 3652 1986 3728 potest,
2023 3652 2060 3710 ut

278 3769 361 3829 quae
385 3757 549 3816 structura
573 3753 742 3818 verborum
770 3754 948 3838 respondet
970 3755 1196 3820 consuetudini
1221 3755 1389 3835 sermonis,
1422 3755 1536 3820 eadem
1565 3760 1715 3820 auctores
1746 3755 1877 3820 maioris
1906 3755 2059 3838 ponderis

276 3877 375 3921 cansa
409 3863 562 3925 utantur?
605 3863 720 3927 Nonne
752 3864 831 3928 ordo
864 3864 907 3944 is,
945 3865 1000 3946 qui
1030 3865 1154 3929 recedit
1182 3864 1222 3928 ab
1252 3887 1312 3929 usn
1342 3864 1520 3944 cotidiano,
1557 3863 1682 3929 animos
1717 3863 1916 3928 audientium
1951 3864 1994 3928 ad
2024 3886 2059 3929 se

276 3973 462 4030 convertere
488 3968 594 4033 solet?
631 3969 695 4035 Sed
718 3973 907 4054 priusquam
935 3971 1019 4040 harro
1050 3974 1272 4057 quaestionem
1303 3973 1449 4056 aliasque
1480 3972 1663 4037 accuratius
1693 3972 1923 4052 examinemus,
1954 3994 2060 4056 pauca

276 4075 487 4158 proponenda
510 4076 661 4142 videntur
685 4079 724 4143 de
749 4080 900 4146 adiectivi
924 4083 1046 4164 origiue
1071 4090 1104 4148 et
1127 4090 1253 4147 natura.

456 4184 666 4263 Adiectivum,
692 4187 780 4269 quod
804 4189 925 4253 nostris
941 4190 1142 4281 temporibus
1165 4189 1391 4255 attributivnnr
1412 4197 1537 4267 vocant,
1563 4190 1725 4274 quomodo
1746 4196 1851 4254 ortum
1874 4190 1925 4269 sit,
1951 4191 2059 4274 colligi

274 4298 383 4374 potest
412 4314 452 4356 ex
480 4294 662 4376 participio,
693 4297 779 4377 quod
810 4297 1017 4362 coniunctum
1047 4305 1097 4362 est
1126 4320 1198 4363 cum
1230 4298 1441 4364 substantivo.
1495 4299 1643 4383 Namque
1677 4297 1740 4364 hoc
1775 4320 1876 4382 genus
1905 4299 2058 4364 adiectivi

275 4401 343 4464 siue
369 4400 467 4465 dubio
492 4424 531 4466 ex
556 4403 719 4467 sententia
743 4405 938 4470 secundaria
962 4406 1188 4489 explicandum
1213 4415 1274 4488 est,
1299 4407 1346 4472 ita
1370 4414 1407 4472 ut
1422 4407 1529 4472 locum
1546 4409 1693 4473 obtineat
1709 4407 1942 4486 attributionis
1968 4408 2056 4490 quod

275 4508 496 4590 praedicatum
523 4531 638 4575 vocare
663 4511 814 4578 solemus.
863 4513 956 4591 Quod
979 4536 1097 4580 nornen
1126 4516 1256 4599 proprie
1280 4538 1419 4600 vereque
1443 4517 1637 4583 adiectivum
1661 4516 1886 4582 attributivum
1912 4523 2055 4598 vocatur,

275 4637 380 4679 nonne
405 4618 520 4683 eodem
544 4619 640 4684 modo
666 4628 772 4686 ortum
796 4628 856 4701 est,
887 4630 924 4687 ut
953 4624 1092 4706 exempli
1116 4645 1215 4689 causa
1244 4625 1326 4691 <luas
1357 4627 1431 4692 illas
1465 4626 1659 4691 sententias:
1700 4625 1782 4704 ,Odi
1812 4625 1934 4709 volgus,
1967 4626 2056 4708 quod

274 4722 445 4806 profanum
469 4735 538 4791 ost“
566 4736 749 4794 contractas
776 4731 870 4813 quasi
894 4752 965 4797 esse
989 4732 1186 4816 accipiamus
1210 4734 1242 4798 in
1274 4757 1374 4799 uuum
1396 4735 1494 4800 illud:
1530 4734 1611 4816 „Odi
1636 4735 1748 4818 volgus
1781 4734 1983 4819 profanum“,
2016 4755 2056 4799 ex

274 4853 339 4913 quo
364 4832 484 4899 factum
510 4857 581 4900 esse
606 4838 720 4903 ordine
743 4839 888 4905 inverso:
929 4840 1011 4917 „Odi
1033 4840 1205 4926 profanum
1229 4842 1385 4926 volgus“?

455 4943 516 5009 llio
540 4954 676 5028 quaerat
699 4949 870 5031 quispiam,
896 4950 1050 5031 quidnam
1074 4949 1172 5015 fuerit
1195 4973 1323 5031 causae,
1349 4974 1407 5017 cur
1422 4959 1516 5017 vetus
1540 4952 1619 5016 ordo
1645 4958 1787 5017 mutatus
1812 4953 1875 5018 sit?
1909 4953 1973 5016 Res
1989 4973 2054 5017 uon

274 5049 415 5114 difficilis
446 5058 498 5116 est
528 5053 571 5116 ad
599 5054 860 5137 intellegendum.
913 5058 1040 5123 Etenim
1077 5059 1281 5139 adiectivum,
1318 5060 1406 5144 quod
1440 5061 1583 5144 positum
1619 5067 1669 5126 est
1703 5068 1778 5144 post
1813 5061 2054 5126 substantivum

273 5158 409 5243 ipsoque
432 5160 504 5224 loco
528 5163 718 5228 memoriam
742 5166 860 5230 retinet
890 5167 1070 5233 seut-entiae
1094 5167 1316 5250 secundariae,
1342 5169 1485 5253 quodam
1508 5170 1605 5235 modo
1631 5170 1762 5254 propria
1787 5170 1819 5234 vi
1842 5192 1903 5236 sua
1926 5169 2054 5237 videtur

1737 5324 1756 5364 a
