4688 6066
1082 483 1282 540 „4-

468 665 556 742 Quae
581 663 687 729 adhuc
711 665 880 729 attulimus
906 665 946 729 de
970 667 1129 748 gravitate
1146 667 1316 751 utriusque
1340 666 1475 747 ordinis,
1500 689 1699 750 quamquam
1718 675 1751 733 et
1766 676 1902 734 naturae
1918 670 2070 736 adiectivi

287 781 362 839 sunt
385 781 604 838 consentanea
633 781 665 837 et
689 774 844 857 exemplis
868 773 1056 857 probantur,
1089 774 1225 839 multum
1249 783 1357 841 tamen
1387 775 1490 855 abest,
1523 781 1560 839 ut
1587 776 1621 840 in
1651 799 1763 843 omnes
1787 779 1947 861 quadrent
1969 779 2068 844 locos.

287 882 369 947 Sunt
393 883 523 965 quidem
549 883 628 947 satis
653 882 755 947 multa
779 882 937 965 exempla,
964 883 1020 948 ubi
1043 905 1108 949 non
1128 884 1253 949 ratione
1277 884 1391 949 habita
1414 883 1514 949 totius
1538 884 1600 949 loci
1625 889 1673 952 vel
1698 888 1800 953 totius
1823 888 1939 972 capitis
1963 926 2006 936 —
2030 909 2070 953 ex

286 991 413 1056 duobus
438 991 521 1056 euim
546 991 730 1056 nominibus
754 1012 813 1074 per
837 1012 871 1056 se
895 992 1085 1074 plerumque
1110 993 1188 1058 nihil
1213 993 1321 1076 colligi
1343 1004 1453 1078 potest
1469 1036 1510 1045 --
1528 1019 1586 1063 cur
1609 1004 1724 1062 auctor
1747 996 1787 1062 ab
1810 996 1921 1061 ordine
1945 998 2068 1062 usitato

284 1100 466 1180 recesserit,
493 1099 647 1184 explicari
670 1121 735 1164 non
762 1099 883 1182 possit;
916 1099 950 1163 in
974 1101 1047 1166 aliis
1070 1101 1251 1167 tractandis
1275 1102 1354 1168 locis
1377 1127 1442 1171 non
1466 1129 1638 1192 possumus
1662 1106 1739 1189 quin
1761 1105 1951 1187 iudicemus
1982 1107 2068 1189 apud

285 1207 449 1274 Romanos
484 1230 549 1274 non
580 1209 687 1273 minus
723 1229 817 1292 quam
849 1208 882 1272 in
913 1210 1021 1291 patrio
1053 1231 1200 1276 sermono
1237 1233 1307 1278 earn
1343 1215 1613 1282 consuetudinem
1643 1214 1799 1294 valuisse,
1837 1222 1874 1279 ut
1907 1215 2068 1298 quaedam

284 1317 444 1382 vocabula
467 1317 554 1381 vocis
580 1338 660 1383 sono
684 1316 843 1399 imprimis
868 1314 1069 1382 efferrentur.

465 1425 581 1490 Restat
604 1433 642 1490 ut
664 1446 770 1508 pauca
786 1424 930 1490 dicamus
955 1424 995 1490 de
1020 1445 1060 1490 ea
1076 1424 1287 1493 collocatione
1312 1428 1461 1494 adiectivi
1479 1436 1513 1494 et
1536 1429 1739 1509 substantivi,
1766 1450 1850 1512 quae
1867 1429 2069 1514 hyperbaton

284 1541 428 1599 vocatur.
485 1533 680 1617 Saepissime
703 1532 854 1616 leguntur
877 1533 950 1612 loci,
975 1534 1031 1598 ubi
1055 1534 1186 1599 nomina
1210 1537 1371 1602 artissime
1395 1539 1567 1603 coniuncta
1590 1561 1653 1604 uno
1678 1538 1867 1622 pluribusve
1890 1540 2069 1606 interiectis

283 1644 450 1709 vocabulis
475 1643 614 1708 diremta
636 1650 721 1722 sunt,
751 1643 854 1708 velut:
902 1644 938 1707 B.
966 1642 1003 1708 G.
1029 1643 1082 1724 IV,
1112 1649 1150 1706 le
1189 1646 1381 1711 Germanico
1409 1646 1496 1711 bello
1527 1647 1673 1713 coniecto
1704 1646 1837 1711 multis
1868 1646 2066 1709 decausis

283 1752 404 1818 Caesar
435 1753 549 1818 statuit
579 1753 641 1817 sibi
670 1751 817 1817 Rhenum
848 1773 919 1816 osse
944 1752 1187 1818 transeundum.
1246 1755 1289 1820 ib.
1316 1754 1351 1837 V,
1379 1760 1416 1819 21
1468 1755 1517 1820 hh
1546 1757 1588 1820 iis
1612 1755 1787 1839 cognoscit,
1819 1776 1884 1819 non
1907 1755 2002 1836 longe
2027 1773 2066 1816 ex

284 1883 321 1926 oo
338 1861 410 1926 loco
435 1861 588 1944 oppidum
606 1860 840 1926 Cassivellauni
857 1859 970 1925 abesse
988 1860 1076 1925 silvis
1092 1862 1330 1947 paludibusque
1348 1865 1518 1944 munitum,
1544 1886 1608 1948 quo
1626 1865 1706 1930 satis
1723 1885 1884 1948 magnus
1899 1862 2066 1926 bominum

282 1971 472 2054 pecorisque
496 1991 688 2035 numerus
713 1969 899 2035 convenerit
927 1967 970 2033 ib.
997 1973 1038 2032 58
1063 1992 1204 2054 magna
1226 1972 1381 2055 proponit
1403 1971 1464 2052 his,
1490 1973 1546 2056 qui
1570 1973 1756 2052 occiderint,
1780 1972 1964 2057 praemia.
2002 1969 2066 2034 Cic.

283 2077 342 2143 off.
368 2080 392 2159 I,
419 2083 438 2142 7
486 2078 621 2144 Omnis
652 2079 735 2143 euim
767 2077 1000 2162 quaeratione
1026 2079 1200 2163 suscipitur
1224 2080 1264 2144 de
1289 2080 1456 2163 aliquare
1480 2081 1689 2146 institutio
1714 2079 1810 2145 debet
1835 2101 1854 2144 a
1879 2078 2066 2144 definitione

280 2187 452 2271 proficisci.
478 2226 521 2236 —
547 2188 619 2266 Qua
643 2194 808 2252 structura
832 2208 890 2251 cur
913 2193 1028 2251 auctor
1051 2208 1129 2251 usus
1154 2189 1205 2265 sit,
1239 2189 1265 2252 si
1297 2189 1486 2269 quaesieris,
1519 2191 1672 2274 reperies,
1704 2210 1776 2253 eum
1810 2189 1843 2253 id
1875 2188 1959 2252 citici
1984 2188 2066 2252 vello

282 2303 319 2359 ut
353 2304 525 2380 utrumque
556 2317 674 2360 nonreu
702 2296 774 2379 pari
804 2296 836 2358 vi
871 2293 1033 2358 efferatur.
1070 2332 1113 2341 -
1146 2295 1183 2358 In
1208 2295 1368 2360 eiusmodi
1398 2298 1676 2363 coniunctionibus
1712 2299 1907 2364 adiectirnm
1937 2297 2067 2362 omuino

282 2412 357 2469 ante
383 2405 623 2469 substantivum
653 2405 730 2489 poni
755 2404 835 2468 satis
859 2403 986 2468 videtur
1008 2410 1120 2469 notum
1146 2425 1227 2469 esse.
1277 2404 1444 2488 Leguntur
1466 2428 1543 2470 vero
1567 2408 1756 2490 saepissime
1786 2408 1820 2470 in
1844 2406 1904 2471 hac
1929 2406 2065 2470 colloca·

281 2511 368 2577 tione
400 2534 438 2576 ca
468 2512 636 2593 adiectiva,
672 2513 790 2596 quibus
828 2513 1016 2596 magnitudo
1051 2513 1102 2577 vel
1130 2534 1283 2578 numerus
1313 2514 1523 2597 significatur,
1556 2517 1660 2581 velut:
1706 2535 1886 2598 magnus,
1919 2515 2063 2592 omnis,

281 2644 469 2701 summus,
500 2622 628 2701 ullus,
653 2643 772 2702 unus,
804 2627 954 2686 tantus.
1011 2621 1058 2686 Ex
1090 2620 1268 2701 vocabulis,
1301 2644 1386 2704 quae
1410 2625 1539 2706 saepius
1563 2624 1799 2703 intericiuntur,
1831 2623 2065 2687 nominaverim

280 2730 541 2813 praepositiones
558 2729 621 2809 ad,
647 2751 745 2809 cum,
772 2729 831 2810 de,
857 2750 917 2808 ex,
942 2730 989 2794 in.
1030 2730 1074 2794 Et
1090 2730 1321 2796 usitatissimae
1339 2740 1415 2796 sunt
1431 2732 1685 2815 complexiones:
1711 2753 1847 2815 magna
1870 2752 1909 2794 ex
1933 2737 2063 2814 parte,

280 2839 391 2904 nulla
414 2861 453 2903 ex
477 2846 607 2923 parte,
632 2859 770 2920 magno
795 2860 868 2903 cunr
891 2840 1053 2921 gemitu,
1078 2840 1216 2904 multis
1240 2860 1312 2903 cum
1336 2840 1528 2920 lacrimis,
1555 2861 1705 2904 summa
1731 2861 1804 2903 cum
1829 2839 2063 2920 diligentia,

281 2969 428 3012 summa
451 2969 523 3012 cum
548 2947 762 3030 dignitate,
790 2969 937 3012 summa
959 2940 1032 3011 cum
1056 2947 1282 3013 honestate.

462 3056 549 3121 Satis
580 3055 702 3121 dictum
727 3077 797 3121 esse
821 3057 962 3121 arbitror
990 3056 1031 3119 de
1055 3057 1223 3139 utriusque
1254 3057 1376 3122 ordinis
1402 3057 1524 3141 origine
1556 3062 1590 3120 ot
1612 3056 1651 3121 vi.
1699 3055 1860 3138 Deinceps
1884 3054 2062 3133 videamus,

279 3171 353 3229 utro
377 3164 582 3247 potissimum
612 3164 724 3229 ordine
749 3164 871 3229 Caesar
894 3171 927 3229 et
951 3164 1062 3229 Cicero
1092 3165 1142 3228 usi
1168 3165 1233 3229 sint
1260 3165 1292 3228 in
1319 3165 1516 3232 collocandis
1540 3165 1674 3247 singulis
1704 3163 1855 3229 adiectivi
1879 3162 2061 3246 generibus.

280 3274 351 3352 Qua
380 3274 412 3337 in
445 3272 635 3355 quaestione
666 3272 805 3355 primum
835 3272 1007 3337 dicendum
1039 3279 1090 3337 est
1113 3272 1153 3337 de
1177 3276 1427 3356 pronomine,
1465 3274 1581 3339 deinde
1613 3273 1653 3338 dc
1677 3273 1892 3352 numerali,
1929 3279 1998 3336 tum
2023 3271 2063 3334 de

278 3382 319 3446 iis
344 3381 537 3462 nominibus,
564 3402 646 3464 quae
670 3381 799 3464 proprie
823 3401 960 3464 vereque
985 3382 1195 3446 adiectiva
1218 3389 1384 3447 vocantur.

460 3490 670 3574 deprimam
701 3489 832 3572 quidem
854 3489 1047 3574 pronomina
1070 3490 1131 3554 etsi
1154 3490 1187 3554 in
1212 3491 1397 3555 universum
1428 3512 1501 3556 cum
1526 3489 1740 3556 substantivis
1764 3487 1940 3554 cohaerent
1963 3493 2062 3569 atque

280 3600 322 3667 ob
347 3622 418 3665 eam
449 3620 579 3664 causam
604 3598 809 3677 antecedunt,
839 3606 1037 3665 tamennon
1062 3599 1169 3663 omnia
1199 3599 1314 3664 eodem
1338 3599 1590 3664 necessitudinis
1622 3598 1821 3682 gradacum
1847 3596 2062 3660 substantivis

279 3707 428 3792 coniungi
445 3710 560 3774 solent.
598 3708 680 3772 Nam
698 3730 770 3772 cum
786 3708 978 3791 pronomina
1005 3706 1096 3785 „hic“
1122 3715 1155 3774 et
1174 3708 1240 3786 „is“
1267 3716 1335 3773 tam
1351 3708 1539 3791 frequenter
1554 3713 1630 3772 ante
1648 3706 1885 3770 substantivum
1902 3704 2061 3787 legantur,

280 3826 316 3882 ut
339 3841 403 3882 nen
426 3819 506 3883 inito
531 3838 665 3882 numero
694 3816 840 3881 locorum
855 3816 952 3881 huius
976 3815 1098 3881 ordinis
1124 3816 1203 3881 satis
1227 3815 1395 3881 habuerim
1418 3824 1552 3882 notasse
1575 3835 1754 3900 pronomen
1787 3814 1860 3893 ,‚is“
1887 3822 1963 3897 post
1986 3814 2061 3878 sub-

281 3929 458 3992 stantivum
491 3927 635 4010 positum
663 3926 725 4010 legi
758 3926 845 4009 apud
869 3924 1042 3991 Gaesarem
1070 3927 1152 3992 locis
1176 3927 1257 4011 Ἠ),
1294 3927 1327 3991 in
1352 3925 1515 3991 Ciceronis
1546 3924 1747 3990 orationibus
1779 3923 1852 4001 CII,
1882 3944 2062 4007 pronomen

283 4035 385 4116 ,hic“
412 4036 498 4118 apud
516 4034 689 4101 Caesarem
713 4055 885 4118 nusquam,
909 4035 942 4099 in
959 4033 1124 4100 Ciceronis
1142 4034 1342 4100 orationibus
1358 4035 1439 4100 locis
1465 4033 1643 4098 LXXXVI:
1668 4032 1775 4096 minus
1791 4053 1867 4097 raro
1883 4051 2061 4114 pronomen

282 4144 392 4223 „ille“
426 4143 569 4207 secundo
595 4143 666 4209 loco
695 4143 867 4209 invenitur.
915 4143 1030 4226 Neque
1059 4164 1136 4209 vero
1165 4144 1199 4207 id
1229 4144 1347 4208 mirum
1376 4163 1448 4208 esse
1480 4164 1519 4207 ex
1547 4164 1586 4207 eo
1611 4140 1829 4224 cognoscitur,
1866 4139 1954 4222 quod
1988 4136 2057 4200 ille

283 4252 477 4334 „aliquando
500 4252 633 4334 ponitur
648 4253 689 4316 ad
706 4252 938 4318 ostendendam
964 4253 1124 4334 insignem
1140 4252 1283 4336 aliquam
1300 4274 1473 4336 personam
1491 4258 1549 4316 aut
1563 4257 1662 4315 rem.“
1702 4249 1866 4334 (Forcell.)
1904 4246 2059 4310 Maiorem

278 4363 375 4427 etiam
400 4361 463 4425 vim
486 4361 605 4425 habere
629 4363 822 4444 pronomina
845 4361 1010 4444 aliquis,
1035 4362 1135 4444 ipse,
1162 4361 1322 4443 quidam
1347 4361 1443 4426 docet
1464 4381 1619 4424 numerus
1642 4359 1759 4423 iudicis
1784 4355 1896 4420 nostri.

459 4470 509 4534 Ad
532 4491 711 4553 pronomen
734 4471 952 4553 possessivum
977 4471 1119 4554 pertinet
1138 4470 1226 4553 quod
1250 4469 1358 4534 adhuc
1380 4470 1413 4533 in
1438 4467 1656 4552 grammaticis
1681 4465 1800 4529 nostris
1823 4463 1950 4545 legitur,
1975 4483 2060 4527 novo

279 4579 391 4644 ordine
415 4578 608 4643 adiectivum
640 4578 762 4644 maiore
786 4579 817 4643 vi
841 4577 950 4644 efferri
980 4599 1076 4662 quam
1101 4586 1218 4643 vetere.
1267 4577 1366 4643 Cuius
1389 4578 1438 4643 rei
1462 4597 1546 4660 quae
1570 4575 1613 4640 sit
1644 4593 1744 4638 causa
1765 4594 1830 4636 nou
1855 4570 1986 4635 difficile
2011 4580 2061 4637 est

332 4885 358 4955 *)
386 4883 524 4952 Quattuor
543 4885 623 4938 locos
642 4885 696 4938 iarn
716 4902 799 4955 supra
824 4887 897 4956 (pag.
919 4887 945 4955 3)
965 4885 1173 4956 explicavimus.
1212 4883 1267 4937 Cur
1286 4887 1379 4936 autem
1399 4883 1501 4936 Cacsar
1519 4882 1550 4936 B.
1570 4882 1601 4936 G.
1621 4880 1672 4948 III,
1692 4882 1709 4934 8
1728 4879 1872 4948 scripserit
1893 4879 1998 4949 „Huius
2017 4884 2060 4932 est

386 4977 507 5030 civitati·
525 4977 609 5045 longe
629 4977 802 5045 amplissima
821 4979 975 5030 auctoritas
996 4979 1087 5030 omnis
1107 4993 1172 5029 orae
1192 4976 1348 5028 maritimae
1368 4975 1550 5043 regionum
1571 4989 1687 5026 carum
1707 4971 1782 5039 qnod
1803 4977 1832 5024 ct
1850 4988 1935 5024 naves
1955 4969 2059 5023 habent

385 5068 506 5120 l'oneti“
528 5109 533 5120 .
554 5109 559 5120 .
580 5110 586 5122 .
610 5067 722 5120 videbis
749 5068 771 5120 si
801 5069 928 5120 ordinem
954 5069 1105 5120 mutaveris
1134 5084 1219 5134 „orae
1247 5065 1441 5118 maritimae
1471 5081 1585 5117 earum
1611 5064 1784 5132 regionum.“
1829 5063 1914 5116 iliatu
1938 5060 2059 5112 suavitas

385 5159 541 5212 sententiae
561 5159 701 5212 minuitur.
