4688 6066
1053 523 1276 582 -ll--

273 707 357 774 Tota
381 709 463 773 enim
490 709 705 774 examinanda
728 716 779 775 est
802 709 973 774 sententia.
1027 708 1099 786 Qua
1123 710 1163 774 de
1186 731 1221 774 re
1246 710 1350 788 doleo,
1376 710 1463 794 quod
1486 709 1557 775 fieri
1580 731 1644 775 nou
1660 710 1777 792 potuit,
1803 715 1840 774 ut
1854 710 1925 775 loco
1943 730 2056 774 uume-

272 840 389 898 rorum,
421 839 503 901 quos
532 817 606 882 derli
630 820 663 882 iu
686 818 809 898 indice,
844 823 930 882 totos
955 818 1044 884 locos
1068 817 1157 902 ipsos
1189 818 1346 884 afferrem.
1396 819 1647 883 Verumtamen
1672 839 1736 882 non
1761 825 1885 897 metuo,
1918 818 2056 901 nequis

272 926 431 992 eiusmodi
460 948 613 991 numeros
643 925 773 991 inutiles
803 946 876 991 esse
907 925 1066 1010 opinetur.
1130 927 1260 992 Etenim
1294 948 1428 992 numero
1464 933 1614 1011 apertum
1649 926 1700 1006 fit,
1737 926 1815 1010 quill
1850 948 1909 1010 pro
1945 927 2058 1009 regula

271 1035 456 1100 habendum
481 1035 538 1116 sit,
576 1056 640 1117 quo
670 1034 799 1118 cognito
827 1035 955 1100 facilius
986 1047 1037 1101 est
1066 1037 1273 1119 exceptiones
1307 1037 1477 1119 explicare.
1538 1037 1684 1120 Apparet
1713 1037 1852 1120 exempli
1883 1058 1983 1101 causa
2018 1057 2057 1100 ex

271 1145 377 1210 iudice
408 1151 520 1209 nostro
549 1143 716 1226 iniquus
745 1145 859 1210 locus
891 1145 979 1228 apud
1009 1144 1180 1211 Caesarem
1210 1145 1316 1210 sexies
1347 1146 1455 1211 decies
1484 1146 1563 1228 legi,
1593 1145 1705 1210 locus
1736 1144 1900 1227 iniquus
1931 1151 2055 1226 quater.

273 1253 397 1331 Quibus
437 1274 476 1318 ex
511 1254 592 1318 locis
631 1276 729 1318 unum
766 1253 896 1338 quidem
935 1254 999 1318 iam
1040 1276 1139 1336 supra
1174 1256 1259 1337 (pag.
1291 1256 1323 1337 o)
1364 1255 1589 1336 tractavimus;
1631 1254 1735 1319 tribus
1776 1260 1883 1319 autem
1923 1254 2057 1336 reliquis

273 1383 332 1425 cur
367 1362 507 1445 scriptor
535 1362 577 1426 ab
612 1383 672 1426 usu
705 1362 869 1428 cotidiano
899 1363 1087 1442 recesserit,
1125 1362 1243 1426 nemini
1275 1362 1337 1426 erit
1373 1363 1507 1428 dubium
1542 1365 1595 1447 qui
1631 1363 1759 1447 legerit:
1797 1365 1832 1427 B.
1864 1362 1900 1427 G.
1932 1363 1977 1442 ΙΙ,
2015 1366 2056 1426 23

273 1477 307 1535 et
330 1471 366 1535 B.
386 1469 418 1534 (l.
445 1470 468 1550 Ι,
494 1475 536 1533 45
561 1471 600 1534 in
624 1471 754 1536 locum
778 1470 976 1554 iniquum,
1002 1470 1038 1535 B.
1057 1470 1094 1534 G.
1109 1471 1150 1551 ΙΙ,
1179 1474 1218 1533 10
1242 1472 1280 1534 in
1304 1472 1434 1536 locum
1451 1473 1705 1555 iniquiorem.
1745 1472 1828 1535 Nam
1846 1471 2057 1536 collocatione

277 1579 326 1659 „in
358 1579 503 1662 iniquum
534 1580 659 1644 locum“
700 1579 894 1645 suavitatem
924 1579 1105 1644 sententiae
1135 1579 1220 1660 tolli,
1257 1581 1329 1663 quis
1361 1587 1411 1645 est
1441 1581 1518 1664 quin
1549 1580 1678 1646 videat?
1736 1580 1858 1645 Eadem
1889 1579 1929 1644 de
1960 1601 2060 1645 causa

274 1687 395 1753 Caesar
419 1687 526 1753 dicere
552 1689 651 1754 solet:
676 1688 738 1753 his
763 1688 871 1754 datis
895 1687 1106 1753 mandatis.

456 1796 520 1862 Sed
543 1799 731 1881 priusquam
757 1797 853 1862 finem
876 1796 994 1861 faciam
1025 1797 1121 1862 huius
1149 1798 1261 1877 libelli,
1293 1797 1496 1880 indulgentia
1525 1798 1604 1862 mihi
1633 1799 1775 1882 petenda
1804 1805 1854 1864 est
1878 1819 1898 1862 a
1926 1799 2057 1863 lectore.

275 1905 478 1988 Quamquam
503 1907 588 1972 euim
613 1928 738 1972 summo
769 1905 878 1971 studio
908 1926 959 1969 me
982 1905 1059 1968 huic
1088 1906 1270 1988 quaestioni
1296 1905 1414 1983 dedidi,
1446 1914 1555 1971 tamen
1579 1908 1648 1972 fieri
1673 1908 1794 1990 potuit,
1832 1916 1868 1971 ut
1896 1906 2058 1971 interdum

275 2014 381 2078 locum
405 2015 625 2097 praeterirem.
668 2014 728 2090 Qui
753 2015 824 2096 ipse
849 2014 882 2075 in
907 2013 1066 2076 eiusmodi
1090 2012 1256 2078 laboribus
1280 2020 1427 2078 vorsatus
1452 2021 1512 2092 cst,
1538 2016 1606 2079 siue
1631 2016 1730 2080 ‹lubio
1755 2038 1818 2079 uon
1836 2017 1932 2080 nimis
1949 2035 2058 2078 sorore

274 2122 440 2201 iudicabit,
466 2123 491 2187 si
517 2122 678 2186 invenerit
701 2142 835 2186 numero
859 2142 879 2185 a
902 2141 952 2183 me
978 2120 1054 2185 dato
1078 2143 1177 2186 uuum
1201 2122 1378 2186 alterumve
1403 2122 1509 2186 locum
1533 2144 1605 2186 esse
1630 2122 1825 2187 addendum.
