4688 6066
998 525 1042 533 -
1090 495 1108 550 Γ,
1158 531 1199 540 -

225 678 267 742 ad
291 678 552 762 intellegendum.
594 681 676 746 Nam
702 682 884 767 complures
909 685 1032 750 formae
1056 682 1152 749 huius
1176 683 1376 769 pronominis
1400 690 1467 748 tam
1492 692 1568 749 sunt
1590 683 1703 747 humili
1719 690 1891 764 structura,
1916 691 1953 749 ut
1968 685 2008 749 iis

224 807 322 852 sonus
347 790 523 853 sustentari
546 811 611 855 non
634 791 748 873 possit,
774 792 915 874 exempli
938 813 1037 857 causa
1051 792 1085 856 in
1109 792 1336 856 coniunctione
1363 793 1514 868 ,oratio
1539 798 1642 855 mea“
1662 792 1880 874 possessivum
1903 814 2007 874 paene

223 896 426 978 opprimitur.
475 899 525 962 Ex
549 919 615 980 quo
638 899 783 982 intellegi
805 907 928 983 potest,
960 921 1019 964 cur
1046 900 1109 965 boc
1137 922 1315 983 pronomen
1346 900 1475 963 omnino
1505 906 1580 982 post
1609 899 1847 964 substantivum
1871 901 2006 982 legatur,

223 1025 295 1067 cum
320 1005 428 1088 agitur
456 1006 497 1070 de
527 1007 683 1089 proximis
711 1009 861 1091 personis
893 1016 951 1074 aut
980 1009 1088 1073 rebus.
1141 1009 1207 1073 Sic:
1245 1009 1373 1074 frater
1403 1027 1527 1087 meus,
1571 1007 1708 1072 oratic
1739 1027 1840 1087 mea,
1882 1007 2008 1072 liberi

223 1114 376 1191 nostri,
409 1113 547 1177 domus
579 1135 649 1178 sua
685 1115 798 1198 (domi
831 1119 951 1201 suae),
989 1115 1103 1181 lilius
1135 1139 1247 1196 suus,
1284 1116 1406 1181 liberi
1439 1117 1519 1195 sui,
1552 1116 1730 1181 maiores
1756 1117 1832 1195 sui,
1863 1138 2008 1200 parens

223 1243 335 1301 suus,
367 1223 618 1305 propinquus
643 1245 751 1288 suus.

405 1330 494 1408 Quae
524 1332 664 1396 diximus
696 1332 735 1396 de
765 1332 978 1397 collocatione
1005 1334 1241 1416 pronominum,
1272 1333 1305 1397 in
1335 1333 1520 1398 universum
1549 1333 1581 1396 iu
1606 1333 1862 1416 numeralibus*)
1888 1333 2005 1397 valent.

223 1438 312 1515 Quae
337 1459 435 1520 quam
457 1447 527 1504 arte
552 1460 625 1504 cum
645 1440 858 1504 substantivis
878 1440 1042 1506 interdum
1064 1443 1308 1525 coniungantur,
1334 1443 1497 1506 luculente
1522 1442 1683 1506 cernimus
1709 1441 1812 1505 exiis
1838 1441 2004 1524 exemplis,

222 1546 276 1612 ubi
307 1548 473 1612 numerale
503 1555 537 1613 ct
566 1549 807 1614 substantivum
836 1550 868 1613 iu
898 1572 1013 1615 unum
1045 1572 1184 1616 nomen
1218 1550 1352 1616 confusa
1376 1557 1461 1630 sunt,
1488 1551 1588 1614 velut:
1622 1551 1805 1630 unanimae,
1830 1550 2005 1630 unicornis,

220 1656 416 1740 primipilus,
449 1657 563 1722 duovir
595 1658 753 1739 duumvir,
788 1658 908 1742 biceps,
943 1660 1068 1742 bidens,
1103 1662 1264 1744 bilinguis,
1298 1661 1442 1739 bimaris,
1477 1660 1598 1739 bivius3
1638 1661 1828 1742 triangulus,
1869 1660 2005 1739 tridens,

220 1764 374 1843 triduum,
406 1766 572 1845 triformis
605 1767 788 1848 trimestris,
820 1768 977 1849 triremis3
1013 1771 1149 1850 tresviri,
1184 1771 1352 1850 triumviri,
1385 1769 1516 1848 trivius3
1554 1769 1806 1851 quadrangulus,
1837 1768 2005 1850 quadriga,

221 1872 424 1957 quadrupes,
466 1875 698 1956 quattuorviri3
736 1876 914 1958 quincunx,
952 1879 1161 1960 quinquevir;
1202 1879 1324 1959 sonuit,
1365 1878 1559 1960 septentrio,
1599 1878 1787 1960 septemvir,
1829 1877 2005 1959 octoiugis,

220 1982 376 2061 octnssis3
416 1983 637 2061 novendialis;
678 1984 846 2059 decennis,
887 1983 1063 2063 decemvir,
1113 1986 1325 2070 decempeda;
1367 1984 1503 2050 Centum
1540 1984 1663 2065 Cellae,
1709 1986 2004 2069 centumpondinm,

219 2091 408 2170 centumvir,
434 2088 649 2173 (Centuripal
675 2095 893 2180 lv‘evrdparru);
919 2091 1101 2174 millepeda,
1128 2093 1339 2157 millefolium.

400 2198 442 2262 Et
489 2198 617 2264 collatis
659 2199 700 2263 iis
743 2222 826 2282 quac
869 2200 912 2263 ad
953 2200 1119 2265 numerale
1168 2209 1319 2284 spectant
1367 2201 1523 2284 exemplis
1567 2207 1715 2283 apertum
1757 2201 1794 2265 lit
1837 2201 2005 2281 ordinalia,

218 2327 414 2388 quamquam
445 2307 479 2371 in
513 2308 698 2372 universum
727 2331 791 2372 nou
822 2309 927 2373 rarius
953 2330 1049 2392 quam
1081 2311 1259 2375 cardinalia
1288 2318 1321 2375 et
1351 2309 1559 2373 distributiva
1589 2330 1672 2373 novo
1702 2308 1815 2372 ordine
1846 2310 2006 2374 collocata

219 2414 293 2492 siut,
326 2422 401 2497 post
430 2416 669 2481 substantivum
701 2417 778 2499 poni
807 2418 838 2480 in
870 2429 959 2482 certa
989 2420 1242 2484 enumeratione.
1291 2418 1470 2483 Dicendum
1495 2425 1547 2482 cst
1569 2418 1681 2501 igitur:
1712 2417 1814 2482 bora
1845 2427 2003 2498 octava,

216 2521 313 2586 bora
343 2523 511 2604 decima,
536 2532 611 2589 aute
636 2526 743 2590 diem
767 2526 952 2608 quintum
978 2521 1047 2590 llal.
1074 2527 1153 2591 Νοιι.

400 2631 486 2696 Satis
521 2632 625 2696 mult-a
660 2633 700 2698 dc
735 2633 909 2714 numerali,
951 2635 1099 2717 sequitur
1132 2656 1263 2714 nomeu,
1304 2635 1392 2718 quod
1427 2634 1557 2719 proprie
1587 2656 1726 2716 vereque
1759 2634 2003 2699 adiectivum

218 2739 420 2818 nominatur,
457 2740 497 2805 dc
533 2763 596 2824 quo
632 2743 815 2807 accuratius
852 2750 902 2807 est
937 2742 1178 2825 disputandum.
1234 2744 1280 2807 Ac
1315 2751 1503 2826 comparato
1540 2764 1674 2807 numero
1709 2743 1853 2807 locorum
1885 2743 2003 2806 veteris

219 2848 340 2912 ordinis
378 2870 451 2913 cum
485 2871 569 2916 novo
609 2851 754 2915 videmus
791 2850 889 2916 etiam
923 2851 957 2914 in
991 2850 1053 2915 hcc
1087 2872 1203 2933 gernere
1240 2851 1369 2916 omniuo
1405 2872 1476 2915 earn
1511 2849 1611 2914 luisse
1647 2850 1931 2930 consuetudinem,
1968 2857 2004 2913 ut

216 2959 412 3023 adiectivnm
444 2967 518 3024 ante
551 2960 787 3025 substantivum
818 2967 1004 3043 poneretur.
1054 2959 1148 3035 Quod
1176 2981 1252 3024 vero
1284 2981 1383 3042 supra
1413 2960 1569 3038 diximus,
1603 2959 1761 3023 adiectiva
1790 2959 2004 3023 usitatissima

217 3066 274 3129 illo
299 3066 412 3131 ordine
437 3068 597 3133 collocata
620 3089 702 3148 esse,
728 3089 793 3131 uon
817 3067 937 3132 sufficit
960 3067 1109 3132 omnibus
1134 3066 1334 3150 explicandis
1358 3066 1523 3151 exemplis.
1571 3066 1644 3131 Nou
1673 3068 1757 3130 enim
1788 3066 1824 3132 fit
1852 3089 1937 3146 raro,
1967 3073 2004 3129 ut

217 3175 315 3238 etiam
350 3174 543 3240 adiectivum
577 3177 684 3240 minus
719 3177 874 3240 usitatum
903 3176 1087 3259 praecedat.
1140 3176 1178 3240 ld
1208 3176 1255 3241 ita
1283 3176 1524 3260 explicaverim,
1556 3183 1593 3240 ut
1623 3174 1704 3240 fines
1732 3175 1807 3239 novi
1836 3175 2002 3239 nominum

218 3282 340 3346 ordinis
365 3304 460 3348 cursu
485 3285 640 3367 temporis
664 3284 783 3367 prolati
808 3283 882 3349 sint.

401 3391 464 3457 Sed
488 3394 641 3475 quoniam
666 3393 827 3475 cognitum
852 3392 1021 3473 babemus,
1046 3392 1240 3458 adiectivum
1263 3392 1454 3475 plerumque
1478 3413 1561 3457 novo
1579 3393 1691 3458 ordine
1708 3413 1779 3456 cum
1797 3392 2000 3456 substantivo

214 3499 422 3564 coniunctum
446 3522 528 3582 esse,
553 3523 639 3566 nuuc
670 3504 848 3583 videamus,
878 3503 996 3587 quibus
1024 3503 1230 3587 potissimum
1261 3501 1505 3567 condicionibus
1536 3499 1659 3565 Caesar
1687 3506 1721 3564 et
1749 3499 1862 3565 Cicero
1892 3507 2000 3564 vetere

213 3607 327 3672 ordine
351 3609 398 3674 uti
421 3610 600 3676 videantur.

393 3719 462 3784 Iam
498 3741 538 3785 cx
569 3742 618 3802 co,
656 3723 744 3804 quod
781 3743 881 3806 supra
917 3722 958 3787 de
996 3721 1118 3804 origine
1156 3720 1306 3785 adiectivi
1337 3719 1485 3799 diximus,
1518 3723 1655 3800 apparot
1685 3716 1880 3782 adiectivum
1911 3716 1999 3799 quod

215 3825 317 3907 magis
365 3827 480 3892 solutis
522 3830 659 3895 vinculis
700 3853 773 3896 cum
813 3831 1016 3896 substantivo
1057 3829 1264 3894 coniunctum
1306 3827 1448 3910 quodam
1491 3825 1587 3890 modo
1630 3825 1817 3889 memoriam
1860 3824 2000 3889 retincat

214 3934 393 3998 sententiae
430 3937 658 4017 secundariae,
700 3947 776 4022 post
812 3938 1050 4004 substantivum
1084 3938 1162 4021 poni
1192 3956 1324 4002 necesse
1355 3956 1435 4000 esse.
1483 3933 1554 3998 Huc
1583 3933 1742 4017 imprimis
1772 3933 1937 4016 pertinent
1966 3938 2000 3997 et

213 4062 298 4123 quae
322 4042 481 4108 adiectiva
505 4045 547 4109 ad
578 4046 803 4129 complendam
832 4047 998 4111 notionem
1029 4068 1140 4111 casum
1171 4053 1296 4110 certum
1324 4043 1375 4108 vel
1405 4042 1595 4107 adverbium
1624 4042 1822 4119 desiderant,
1853 4049 1886 4106 et
1914 4062 1997 4125 quae

212 4149 372 4216 adiectiva
401 4159 439 4216 ut
461 4153 508 4217 ita
532 4153 635 4218 dicam
668 4154 885 4237 praedicative
909 4162 1117 4237 usurpantur.
1172 4152 1240 4218 Sic:
1277 4151 1407 4217 Balbti
1437 4151 1528 4215 Haec
1553 4156 1629 4216 sunt
1651 4150 1816 4234 praesidia
1839 4149 1995 4214 Cornelii:

211 4258 287 4323 talis
312 4260 344 4323 in
366 4260 597 4344 rempublicam
622 4269 769 4327 nostram
792 4261 895 4339 labor,
921 4261 1113 4342 adsiduitas,
1140 4261 1314 4339 dimicatio,
1339 4260 1467 4324 virtus
1493 4259 1614 4343 digna
1638 4280 1764 4325 summo
1787 4259 1996 4343 imperatore,

211 4388 285 4450 spes
302 4390 362 4451 pro
386 4369 539 4453 periculis
555 4372 783 4454 praemiorum.
820 4371 913 4436 Dom.
935 4375 997 4434 110
1022 4392 1095 4436 cum
1119 4370 1310 4452 conlegas
1327 4376 1412 4449 tuos,
1438 4389 1563 4432 summa
1579 4374 1744 4451 potestate
1768 4367 1995 4450 praeditos,

211 4496 347 4559 negares
385 4478 504 4544 liberos
544 4500 624 4544 esse.
687 4479 769 4544 Phil.
806 4479 845 4559 X,
889 4485 928 4542 18
969 4484 1080 4561 potest
1117 4478 1214 4559 igitur
1254 4483 1340 4542 stare
1380 4498 1446 4542 res
1484 4476 1656 4560 publica
1694 4476 1797 4540 freta
1835 4476 1996 4540 veteranis

212 4584 280 4649 sine
316 4608 432 4670 magno
469 4589 614 4654 subsidio
648 4588 848 4652 iuventutis?
895 4586 987 4651 Verr.
1012 4586 1076 4665 lll,
1117 4591 1179 4649 140
1213 4584 1298 4662 Quid
1333 4586 1441 4668 potuit
1471 4584 1650 4667 elegantius
1685 4583 1791 4648 lacere
1826 4590 1996 4666 praetor

210 4693 383 4776 cupidus
412 4696 660 4762 existimationis
689 4697 808 4776 bonae,
846 4696 900 4779 qui
931 4693 972 4759 ab
1002 4715 1037 4758 se
1067 4714 1194 4758 omnem
1223 4693 1440 4776 suspicionem
1470 4692 1677 4776 propulsare,
1715 4692 1771 4775 qui
1802 4713 1837 4756 se
1869 4692 1994 4774 cripere

210 4822 249 4864 ex
283 4800 416 4867 iufamia
445 4813 587 4889 cuperet.
636 4804 730 4870 Catil.
753 4804 806 4884 IV,
835 4810 874 4867 19
906 4803 1043 4868 Habetis
1076 4802 1213 4867 ducem
1245 4822 1455 4866 memorem
1485 4800 1600 4879 vestri,
1638 4799 1776 4865 oblitum
1808 4800 1872 4879 sui,
1910 4820 1993 4882 qnae

263 5079 289 5147 *)
317 5078 349 5131 ln
370 5079 574 5131 constituendis
594 5079 628 5131 iis
647 5079 771 5132 numeris
790 5078 904 5144 indicis,
923 5077 971 5145 qui
991 5075 1122 5144 quotiens
1145 5073 1299 5127 numeralia
1324 5073 1501 5128 inveniantur
1520 5072 1724 5138 demonstrant,
1748 5072 1831 5125 omisi
1856 5075 1885 5124 et
1903 5072 1992 5140 locos,

317 5172 364 5225 ubi
385 5171 516 5237 leguntur
535 5169 644 5221 numeri
663 5169 754 5235 mixti,
775 5173 804 5221 ct
822 5170 911 5234 locos,
931 5167 978 5219 ubi
997 5167 1129 5235 leguntur
1147 5165 1260 5218 numeri·
1279 5165 1423 5218 coniuncti
1444 5182 1506 5217 cum
1525 5165 1639 5217 contine
1660 5163 1809 5231 „millc“.
